<record><leader>00000cas a22000007a 4500</leader><controlfield tag="001">44802370</controlfield><controlfield tag="008">000817c200u9999maubr n       0   a0eng c</controlfield><datafield ind1=" " ind2=" " tag="010"><subfield code="a">   00214047 </subfield></datafield><datafield ind1=" " ind2=" " tag="040"><subfield code="a">NSD</subfield><subfield code="b">eng</subfield><subfield code="c">NSD</subfield><subfield code="d">NSD</subfield><subfield code="d">OCLCQ</subfield></datafield><datafield ind1=" " ind2=" " tag="012"><subfield code="l">1</subfield></datafield><datafield ind1="0" ind2=" " tag="022"><subfield code="a">1531-345X</subfield><subfield code="l">1531-345X</subfield><subfield code="2">1</subfield></datafield><datafield ind1=" " ind2=" " tag="037"><subfield code="b">New England Informer, P.O. Box 811 North Cambridge, MA 02140</subfield><subfield code="c">$15.00 (U.S.)</subfield><subfield code="c">$20.00 (Canada)</subfield></datafield><datafield ind1=" " ind2=" " tag="042"><subfield code="a">nsdp</subfield><subfield code="a">pcc</subfield></datafield><datafield ind1="1" ind2="0" tag="050"><subfield code="a">ISSN RECORD</subfield></datafield><datafield ind1="1" ind2="0" tag="082"><subfield code="a">305.8</subfield><subfield code="2">14</subfield></datafield><datafield ind1=" " ind2="0" tag="222"><subfield code="a">New England informer</subfield></datafield><datafield ind1="0" ind2="0" tag="245"><subfield code="a">New England informer :</subfield><subfield code="b">New Englands newest ethnic news magazine.</subfield></datafield><datafield ind1="3" ind2=" " tag="246"><subfield code="a">NEI</subfield></datafield><datafield ind1=" " ind2=" " tag="260"><subfield code="a">Cambridge, MA :</subfield><subfield code="b">Wade Publications</subfield></datafield><datafield ind1=" " ind2=" " tag="300"><subfield code="a">v.</subfield></datafield><datafield ind1=" " ind2=" " tag="310"><subfield code="a">Bimonthly</subfield></datafield><datafield ind1="1" ind2=" " tag="362"><subfield code="a">Began in 2000?</subfield></datafield><datafield ind1=" " ind2=" " tag="588"><subfield code="a">Description based on: Vol. 1, issue [2006]; title from caption.</subfield></datafield><datafield ind1="1" ind2=" " tag="029"><subfield code="a">AU@</subfield><subfield code="b">000021739943</subfield></datafield></record>